%% This BibTeX bibliography file was created using BibDesk.
%% http://bibdesk.sourceforge.net/


%% Created for Lauro Cesar Araujo at 2015-04-27 19:43:45 -0300 


%% Saved with string encoding Unicode (UTF-8) 



@article{IBGE2012,
  author  = {IBGE},
  isbn    = {9788578110796},
  issn    = {1098-6596},
  journal = {Secretaria de Direitos Humanos da Presidência da República (SDH/PR), Secretaria Nacional de Promoção dos Direitos da Pessoa com Deficiência (SNPD)},
  pages   = {32},
  pmid    = {25246403},
  title   = {Cartila do Censo 2010 - Pessoas com Deficiências},
  url     = {https://inclusao.enap.gov.br/wp-content/uploads/2018/05/cartilha-censo-2010-pessoas-com-deficienciareduzido-original-eleitoral.pdf},
  year    = {2012}
}

@book{WHO2019,
  author  = {WHO},
  issue   = {14},
  journal = {World health Organization},
  title   = {World report on vision},
  volume  = {214},
  year    = {2019}
}

@article{Taylor2019,
  author = {Kyle Taylor and Laura Silver},
  issue  = {February},
  pages  = {47},
  title  = {Smartphone Ownership Is Growing Rapidly Around the World, but Not Always Equally | Pew Research Center},
  url    = {https://www.pewresearch.org/global/2019/02/05/smartphone-ownership-is-growing-rapidly-around-the-world-but-not-always-equally/},
  year   = {2019}
}

@inproceedings{Ballantyne2018,
  author    = {Mars Ballantyne and Archit Jha and Anna Jacobsen and J. Scott Hawker and Yasmine N. El-Glaly},
  doi       = {10.1145/3282894.3282921},
  isbn      = {9781450365949},
  journal   = {ACM International Conference Proceeding Series},
  keywords  = {Accessibility,Applications,Evaluation,Heuristics,Mobile,People with disabilities},
  month     = {11},
  pages     = {305-315},
  publisher = {Association for Computing Machinery},
  title     = {Study of accessibility guidelines of mobile applications},
  year      = {2018}
}

@article{Yan2019,
  author    = {Shunguo Yan and P. G. Ramachandran},
  doi       = {10.1145/3300176},
  issn      = {19367228},
  issue     = {1},
  journal   = {ACM Transactions on Accessible Computing},
  keywords  = {Accessibility,Accessibility evaluation,Disability,Graphical user interface (GUI),Mobile,Mobile apps,Usability},
  month     = {2},
  publisher = {Association for Computing Machinery},
  title     = {The current status of accessibility in mobile apps},
  volume    = {12},
  year      = {2019}
}

@article{ADA2019,
  author  = {MD Matthew C. Riddle},
  journal = {American Diabetes Association},
  pages   = {204},
  title   = {ADA. Standards of Medical Caare in Diabetes - 2019},
  volume  = {42},
  url     = {http://fmdiabetes.org/wp-content/uploads/2019/01/ada-2019.pdf},
  year    = {2019}
}

@article{W3C2019,
  author  = {World Wide Web Consortium W3C},
  journal = {Web Accessibility Initiative (WAI)},
  title   = {Web Content Accessibility Guidelines (WCAG) Overview},
  year    = {2019}
}

@book{Cook2014,
  author  = {Albert M. Cook and Janice M. Polgar},
  journal = {Assistive Technologies: Principles and Practice: Fourth Edition},
  title   = {Assistive technologies: Principles and practice: Fourth edition},
  year    = {2014}
}

@phdthesis{Silva2009,
  author = {Edison Renato Pereira da Silva},
  year   = {2009},
  month  = {03},
  title  = {Métodos para Revisão e Mapeamento Sistemático da Literatura (Methods for Systematic Literature Reviews and Systematic Mapping Studies)},
  school = {Federal University of Rio de Janeiro}
}

@misc{Kitchenham2007,
  author = {B. Kitchenham and S Charters},
  title  = {Guidelines for performing Systematic Literature Reviews in Software Engineering},
  year   = {2007}
}

%%%%%%%%%%%
% Artigos dos Resultados do MSL

@inproceedings{Leporini2017,
  author    = {Leporini, Barbara and Palmucci, Eleonora},
  title     = {A Mobile Educational Game Accessible to All, Including Screen Reading Users on a Touch-Screen Device},
  year      = {2017},
  isbn      = {9781450352550},
  publisher = {Association for Computing Machinery},
  address   = {New York, NY, USA},
  url       = {https://dl.acm.org/doi/10.1145/3136907.3136941},
  booktitle = {Proceedings of the 16th World Conference on Mobile and Contextual Learning},
  series    = {mLearn 2017}
}

@inproceedings{Christoph2020,
  author    = {Rieger, Christoph and Lucr\'{e}dio, Daniel and Fortes, Renata Pontin M. and Kuchen, Herbert and Dias, Felipe and Duarte, Lianna},
  title     = {A Model-Driven Approach to Cross-Platform Development of Accessible Business Apps},
  year      = {2020},
  isbn      = {9781450368667},
  publisher = {Association for Computing Machinery},
  address   = {New York, NY, USA},
  url       = {https://dl.acm.org/doi/10.1145/3341105.3375765},
  pages     = {984–993},
  series    = {SAC '20}
}

@inproceedings{Oliveira2018,
  author    = {de Oliveira, Bruna and Braga, Juliana Cristina and Damaceno, Rafael J. Pezzuto},
  title     = {Application for the Configuration and Adaptation of the Android Operating System for the Visually Impaired},
  year      = {2018},
  isbn      = {9781450356510},
  publisher = {Association for Computing Machinery},
  address   = {New York, NY, USA},
  url       = {https://dl.acm.org/doi/10.1145/3192714.3192838},
  booktitle = {Proceedings of the 15th International Web for All Conference},
  articleno = {14},
  series    = {W4A '18}
}

@inproceedings{Giuliana2018,
  author    = {Vitiello, Giuliana and Sebillo, Monica and Fornaro, Luigi and Di Gregorio, Marianna and Cirillo, Stefano and De Rosa, Mattia and Fuccella, Vittorio and Costagliola, Gennaro},
  title     = {Do You like My Outfit? Cromnia, a Mobile Assistant for Blind Users},
  year      = {2018},
  isbn      = {9781450365819},
  publisher = {Association for Computing Machinery},
  address   = {New York, NY, USA},
  url       = {https://dl.acm.org/doi/10.1145/3284869.3284908},
  booktitle = {Proceedings of the 4th EAI International Conference on Smart Objects and Technologies for Social Good},
  pages     = {249–254},
  series    = {Goodtechs '18}
}

@inproceedings{Heesook2017,
  author    = {Shin, Heesook and Gil, Youn-Hee and Yu, ChoRong and Kim, Hee-Kwon and Lee, Jisu and Jee, Hyung-Keun},
  title     = {Improved and Accessible E-Book Reader Application for Visually Impaired People},
  year      = {2017},
  isbn      = {9781450354059},
  publisher = {Association for Computing Machinery},
  address   = {New York, NY, USA},
  url       = {https://dl.acm.org/doi/10.1145/3145690.3145748},
  booktitle = {SIGGRAPH Asia 2017 Posters},
  articleno = {35},
  series    = {SA '17}
}

@inproceedings{Ducci2018,
  author    = {Cant\`{u}, Niccol\`{o} and Ducci, Mattia and Ahmetovic, Dragan and Bernareggi, Cristian and Mascetti, Sergio},
  title     = {MathMelodies 2: A Mobile Assistive Application for People with Visual Impairments Developed with React Native},
  year      = {2018},
  isbn      = {9781450356503},
  publisher = {Association for Computing Machinery},
  address   = {New York, NY, USA},
  url       = {https://dl.acm.org/doi/10.1145/3234695.3241006},
  booktitle = {Proceedings of the 20th International ACM SIGACCESS Conference on Computers and Accessibility},
  pages     = {453–455},
  series    = {ASSETS '18}
}

@inproceedings{Caballero2020,
  author    = {Caballero, Arlene R. and Catli, Kristopher Elijah I. and Babierra, Aldwin Garry F.},
  title     = {Object Recognition and Hearing Assistive Technology Mobile Application Using Convolutional Neural Network},
  year      = {2020},
  isbn      = {9781450377638},
  publisher = {Association for Computing Machinery},
  address   = {New York, NY, USA},
  url       = {https://dl.acm.org/doi/10.1145/3411201.3411208},
  booktitle = {Proceedings of the International Conference on Wireless Communication and Sensor Networks},
  pages     = {41–48},
  series    = {icWCSN 2020}
}

@inproceedings{Oliveira2019,
  author    = {de Oliveira, Alex Santos and Merlin, Bruno and Ferreira, Jo\~{a}o Elias Vidueira and F\"{u}lber, Heleno and Veras, Allan},
  title     = {QUIMIVOX MOBILE 2.0: Application for Helping Visually Impaired People in Learning Periodic Table and Electron Configuration},
  year      = {2019},
  isbn      = {9781450369718},
  publisher = {Association for Computing Machinery},
  address   = {New York, NY, USA},
  url       = {https://dl.acm.org/doi/10.1145/3357155.3358436},
  booktitle = {Proceedings of the 18th Brazilian Symposium on Human Factors in Computing Systems},
  articleno = {41},
  series    = {IHC '19}
}

@inproceedings{Mascetti2019,
  author    = {Mascetti, Sergio and Leontini, Giovanni and Bernareggi, Cristian and Ahmetovic, Dragan},
  title     = {WordMelodies: Supporting Children with Visual Impairment in Learning Literacy},
  year      = {2019},
  isbn      = {9781450366762},
  publisher = {Association for Computing Machinery},
  address   = {New York, NY, USA},
  url       = {https://dl.acm.org/doi/10.1145/3308561.3354587},
  booktitle = {The 21st International ACM SIGACCESS Conference on Computers and Accessibility},
  pages     = {642–644},
  series    = {ASSETS '19}
}

@inproceedings{Biase2018,
  author    = {De Biase, Laisa C.C. and Correa, Ana G.D. and Dias, Lucas and Lotto e, Erich P. and Lopes, Roseli D.},
  booktitle = {2018 IEEE Games, Entertainment, Media Conference (GEM)},
  title     = {An Accessible Roller Coaster Simulator for Touchscreen Devices: An Educational Game for the Visually Impaired},
  year      = {2018},
  pages     = {101-105},
  url       = {https://ieeexplore.ieee.org/document/8516457},
  doi       = {10.1109/GEM.2018.8516457}
}

@article{Amariles2020,
  title   = {Design and development of a mobile app of drug information for people with visual impairment},
  journal = {Research in Social and Administrative Pharmacy},
  volume  = {16},
  number  = {1},
  pages   = {62-67},
  year    = {2020},
  issn    = {1551-7411},
  url     = {https://www.sciencedirect.com/science/article/pii/S1551741119301317},
  author  = {Juliana Madrigal-Cadavid and Pedro Amariles and Daniel Pino-Marín and Johan Granados and Newar Giraldo}
}

@article{Shera2021285,
  author        = {Shera, A. and Iqbal, M.W. and Shahzad, S.K. and Gul, M. and Mian, N.A. and Naqvi, M.R. and Khan, B.A.},
  title         = {Blind and visually impaired user interface to solve accessibility problems},
  journal       = {Intelligent Automation and Soft Computing},
  year          = {2021},
  volume        = {30},
  number        = {1},
  pages         = {285-301},
  url           = {https://www.scopus.com/inward/record.uri?eid=2-s2.0-85111705547&doi=10.32604%2fiasc.2021.018009&partnerID=40&md5=506f2304e2021f8d02726bdb342599fd},
  publisher     = {Tech Science Press},
  document_type = {Article},
  source        = {Scopus}
}

@article{Nahar2019100,
  author        = {Nahar, L. and Sulaiman, R. and Jaafar, A.},
  title         = {Users’ perception on usability aspects of a braille learning mobile application ‘mBRAILLE’},
  journal       = {Lecture Notes in Computer Science (including subseries Lecture Notes in Artificial Intelligence and Lecture Notes in Bioinformatics)},
  year          = {2019},
  volume        = {11870 LNCS},
  pages         = {100-109},
  url           = {https://www.scopus.com/inward/record.uri?eid=2-s2.0-85077844210&doi=10.1007%2f978-3-030-34032-2_10&partnerID=40&md5=01d0716dda193cd19f0d3b46dc897e13},
  publisher     = {Springer},
  document_type = {Conference Paper},
  source        = {Scopus}
}

@article{Duarte2017,
  author        = {Duarte, C. and Desart, S. and Costa, D. and Dumas, B.},
  title         = {Designing multimodal mobile interaction for a text messaging application for visually impaired users},
  journal       = {Frontiers in ICT},
  year          = {2017},
  volume        = {4},
  number        = {DEC},
  art_number    = {26},
  url           = {https://www.scopus.com/inward/record.uri?eid=2-s2.0-85061981298&doi=10.3389%2ffict.2017.00026&partnerID=40&md5=c6d6a2fcab00d15edc7f162bf576c772},
  publisher     = {Frontiers Media S.A.},
  document_type = {Article},
  source        = {Scopus}
}

@conference{Tomlinson2016377,
  author        = {Tomlinson, B.J. and Schuett, J.H. and Shortridge, W. and Chandran, J. and Walker, B.N.},
  title         = {"Talkin' about the weather": Incorporating TalkBack functionality and sonifications for accessible app design},
  journal       = {Proceedings of the 18th International Conference on Human-Computer Interaction with Mobile Devices and Services, MobileHCI 2016},
  year          = {2016},
  pages         = {377-386},
  url           = {https://www.scopus.com/inward/record.uri?eid=2-s2.0-84991387146&doi=10.1145%2f2935334.2935390&partnerID=40&md5=773b9f0cb6471ee5944fbe8c0a03cdc4},
  publisher     = {Association for Computing Machinery, Inc},
  document_type = {Conference Paper},
  source        = {Scopus}
}

%%%%%%%%%%%
% Artigos Relacionados ao MSL

@conference{Kim20191103,
  author        = {Kim, W.J. and Kim, I.K. and Kim, M.J. and Lee, E.},
  title         = {Effect of UX Design Guideline on the information accessibility for the visually impaired in the mobile health apps},
  journal       = {Proceedings - 2018 IEEE International Conference on Bioinformatics and Biomedicine, BIBM 2018},
  year          = {2019},
  pages         = {1103-1106},
  art_number    = {8621471},
  url           = {https://www.scopus.com/inward/record.uri?eid=2-s2.0-85062552457&doi=10.1109%2fBIBM.2018.8621471&partnerID=40&md5=b0ac4a92a73fedbd9803f08ab427814e},
  publisher     = {Institute of Electrical and Electronics Engineers Inc.},
  document_type = {Conference Paper},
  source        = {Scopus}
}

@inproceedings{Mateus2020,
  author    = {Mateus, Delvani Ant\^{o}nio and Silva, Carlos Alberto and Eler, Marcelo Medeiros and Freire, Andr\'{e} Pimenta},
  title     = {Accessibility of Mobile Applications: Evaluation by Users with Visual Impairment and by Automated Tools},
  year      = {2020},
  isbn      = {9781450381727},
  publisher = {Association for Computing Machinery},
  address   = {New York, NY, USA},
  url       = {https://dl.acm.org/doi/10.1145/3424953.3426633},
  booktitle = {Proceedings of the 19th Brazilian Symposium on Human Factors in Computing Systems},
  articleno = {4},
  numpages  = {10},
  keywords  = {automated tests, mobile accessibility, user evaluation},
  location  = {Diamantina, Brazil},
  series    = {IHC '20}
}

@conference{Siebra2018172,
  author        = {Siebra, C.A. and Correia, W. and Penha, M. and Macêdo, J. and Quintino, J. and Anjos, M. and Florentin, F. and Silva, F.Q.B. and Santos, A.L.M.},
  title         = {An analysis on tools for accessibility evaluation in mobile applications},
  journal       = {ACM International Conference Proceeding Series},
  year          = {2018},
  pages         = {172-177},
  doi           = {10.1145/3266237.3266238},
  note          = {cited By 2},
  url           = {https://www.scopus.com/inward/record.uri?eid=2-s2.0-85055787089&doi=10.1145%2f3266237.3266238&partnerID=40&md5=0976ca72671e6471f46f66a763c35771},
  publisher     = {Association for Computing Machinery},
  document_type = {Conference Paper},
  source        = {Scopus}
}

@conference{Vendome201941,
  author        = {Vendome, C. and Solano, D. and Linan, S. and Linares-Vasquez, M.},
  title         = {Can Everyone use my app? An Empirical Study on Accessibility in Android Apps},
  journal       = {Proceedings - 2019 IEEE International Conference on Software Maintenance and Evolution, ICSME 2019},
  year          = {2019},
  pages         = {41-52},
  doi           = {10.1109/ICSME.2019.00014},
  art_number    = {8918937},
  note          = {cited By 13},
  url           = {https://www.scopus.com/inward/record.uri?eid=2-s2.0-85077219554&doi=10.1109%2fICSME.2019.00014&partnerID=40&md5=aea0355325a633ad2b12030536471926},
  publisher     = {Institute of Electrical and Electronics Engineers Inc.},
  document_type = {Conference Paper},
  source        = {Scopus}
}

@inproceedings{Damaceno2016,
  author    = {Damaceno, Rafael Jeferson Pezzuto and Braga, Juliana Cristina and Chalco, Jes\'{u}s Pascual Mena},
  title     = {Mobile Device Accessibility for the Visually Impaired: Problems Mapping and Empirical Study of Touch Screen Gestures},
  year      = {2016},
  isbn      = {9781450352352},
  publisher = {Association for Computing Machinery},
  address   = {New York, NY, USA},
  url       = {https://dl.acm.org/doi/10.1145/3033701.3033703},
  doi       = {10.1145/3033701.3033703},
  booktitle = {Proceedings of the 15th Brazilian Symposium on Human Factors in Computing Systems},
  articleno = {2},
  numpages  = {10},
  keywords  = {Mobile devices, visually impaired people, touch-screen, accessibility, empirical study, gestures, systematic review},
  location  = {S\~{a}o Paulo, Brazil},
  series    = {IHC '16}
}

@inproceedings{Siebra2016,
  author    = {Siebra, Clauirton and Gouveia, Tatiana and Macedo, Jefte and Correia, Walter and Penha, Marcelo and Anjos, Marcelo and Florentin, Fabiana and Silva, Fabio Q. B. and Santos, Andre L. M.},
  title     = {Observation Based Analysis on the Use of Mobile Applications for Visually Impaired Users},
  year      = {2016},
  isbn      = {9781450344135},
  publisher = {Association for Computing Machinery},
  address   = {New York, NY, USA},
  url       = {https://dl.acm.org/doi/10.1145/2957265.2961848},
  doi       = {10.1145/2957265.2961848},
  booktitle = {Proceedings of the 18th International Conference on Human-Computer Interaction with Mobile Devices and Services Adjunct},
  pages     = {807–814},
  numpages  = {8},
  keywords  = {accessibility, user interfaces, mobile devices},
  location  = {Florence, Italy},
  series    = {MobileHCI '16}
}

@conference{Quispe2020,
  author        = {Quispe, F.E.M. and Scatalon, L.P. and Eler, M.M.},
  title         = {Prioritization of mobile accessibility guidelines for visual impaired users},
  journal       = {ICEIS 2020 - Proceedings of the 22nd International Conference on Enterprise Information Systems},
  year          = {2020},
  volume        = {2},
  pages         = {563-570},
  note          = {cited By 0},
  url           = {https://www.scopus.com/inward/record.uri?eid=2-s2.0-85091396826&partnerID=40&md5=f30643b9bc6f6f843d4c94328b592afc},
  publisher     = {SciTePress},
  document_type = {Conference Paper},
  source        = {Scopus}
}
